<record><leader>00000cas a22000007a 4500</leader><controlfield tag="001">21053025</controlfield><controlfield tag="008">900212c19uu9999aruwr ne      0   a0eng d</controlfield><datafield ind1=" " ind2=" " tag="010"><subfield code="a">sn 90004448 </subfield></datafield><datafield ind1=" " ind2=" " tag="040"><subfield code="a">NSD</subfield><subfield code="b">eng</subfield><subfield code="c">NSD</subfield><subfield code="d">ANU</subfield><subfield code="d">OCLCQ</subfield><subfield code="d">OCLCF</subfield><subfield code="d">OCLCO</subfield></datafield><datafield ind1=" " ind2=" " tag="012"><subfield code="m">y</subfield></datafield><datafield ind1="1" ind2=" " tag="022"><subfield code="a">1048-8278</subfield><subfield code="l">1048-8278</subfield><subfield code="2">1</subfield></datafield><datafield ind1=" " ind2=" " tag="032"><subfield code="a">004203</subfield><subfield code="b">USPS</subfield></datafield><datafield ind1=" " ind2=" " tag="037"><subfield code="b">Siloam Enterprises, Inc., P.O. Box 677, Gentry, AR 72734</subfield></datafield><datafield ind1=" " ind2=" " tag="042"><subfield code="a">nsdp</subfield><subfield code="a">msc</subfield></datafield><datafield ind1=" " ind2=" " tag="043"><subfield code="a">n-us-ar</subfield></datafield><datafield ind1=" " ind2="0" tag="222"><subfield code="a">Gentry courier-journal</subfield></datafield><datafield ind1="0" ind2="0" tag="245"><subfield code="a">Gentry courier-journal.</subfield></datafield><datafield ind1=" " ind2=" " tag="260"><subfield code="a">Gentry, AR :</subfield><subfield code="b">Siloam Enterprises</subfield></datafield><datafield ind1=" " ind2=" " tag="300"><subfield code="a">v.</subfield></datafield><datafield ind1=" " ind2=" " tag="310"><subfield code="a">Weekly</subfield></datafield><datafield ind1=" " ind2=" " tag="588"><subfield code="a">Description based on: Vol. 5, no. 5 (Wednesday, Jan. 3, 1990).</subfield></datafield><datafield ind1=" " ind2="0" tag="651"><subfield code="a">Gentry (Ark.)</subfield><subfield code="v">Newspapers.</subfield></datafield><datafield ind1=" " ind2="7" tag="655"><subfield code="a">Newspapers.</subfield><subfield code="2">fast</subfield><subfield code="0">(OCoLC)fst01423814</subfield></datafield><datafield ind1=" " ind2="7" tag="651"><subfield code="a">Arkansas</subfield><subfield code="z">Gentry.</subfield><subfield code="2">fast</subfield><subfield code="0">(OCoLC)fst01217975</subfield></datafield><datafield ind1=" " ind2=" " tag="752"><subfield code="a">United States</subfield><subfield code="b">Arkansas</subfield><subfield code="c">Benton</subfield><subfield code="d">Gentry.</subfield></datafield><datafield ind1="0" ind2="4" tag="780"><subfield code="t">Gentry journal (Gentry, Ark. : 1988)</subfield><subfield code="w">(DLC)sn 91050177</subfield></datafield><datafield ind1="0" ind2="4" tag="780"><subfield code="t">Courier (Gentry, Ark.)</subfield><subfield code="x">1045-8107</subfield><subfield code="w">(DLC)sn 89051078</subfield></datafield></record>